@incollection{5GrundlagenFur2025,
  title = {5 Grundlagen Für Den Perfekten Lego? Serious Play?-Workshop},
  shorttitle = {5 Grundlagen Für Den Perfekten Lego?},
  booktitle = {{{PLAY}}! {{Der}} Unverzichtbare {{LEGO}}? {{SERIOUS PLAY}}? {{Praxis-Guide}} Für {{Workshops}}, {{Coachings}} Und {{Moderation}}},
  date = {2025-10-06},
  pages = {45--60},
  publisher = {Carl Hanser Verlag GmbH \& Co. KG},
  doi = {10.3139/9783446485082.005},
  url = {https://www.hanser-elibrary.com/doi/10.3139/9783446485082.005},
  urldate = {2025-10-25},
  isbn = {978-3-446-48498-6}
}

@book{ebbinghausEinfuehrungMathematischeLogik2018,
  title = {Einführung in die mathematische Logik},
  author = {Ebbinghaus, Heinz-Dieter and Flum, Jörg and Thomas, Wolfgang},
  date = {2018},
  edition = {6th ed. 2018.},
  publisher = {Springer Berlin Heidelberg},
  location = {Berlin, Heidelberg},
  doi = {10.1007/978-3-662-58029-5},
  abstract = {Was ist ein mathematischer Beweis? Wie lassen sich Beweise rechtfertigen? Gibt es Grenzen der Beweisbarkeit? Ist die Mathematik widerspruchsfrei? Kann man das Auffinden mathematischer Beweise Computern übertragen? Erst im 20. Jahrhundert ist es der mathematischen Logik gelungen, weitreichende Antworten auf diese Fragen zu geben. Im vorliegenden Werk werden die Ergebnisse systematisch zusammengestellt; im Mittelpunkt steht dabei die Logik erster Stufe. Die Lektüre setzt – außer einer gewissen Vertrautheit mit der mathematischen Denkweise – keine spezifischen Kenntnisse voraus. Für die vorliegende 6. Auflage wurde der Text überarbeitet und durch die Darstellung zweier für Logik und Informatik wichtiger Entscheidbarkeitsresultate erweitert. Die Autoren Prof. Dr. Heinz-Dieter Ebbinghaus und Prof. Dr. Jörg Flum forschen am Mathematischen Institut der Universität Freiburg, Prof. Dr. Wolfgang Thomas am Lehrstuhl für Informatik 7 (Logik und Theorie diskreter Systeme) der RWTH Aachen.},
  isbn = {978-3-662-58029-5},
  langid = {german},
  pagetotal = {ix+367},
  keywords = {Mathematics,Mathematics general}
}

@online{EinsteinCoefficientsSpringerLink,
  title = {Einstein {{Coefficients}} | {{SpringerLink}}},
  url = {https://link.springer.com/chapter/10.1007/978-3-031-65030-7_10},
  urldate = {2025-09-30}
}

@article{kwonReconfigurableBinaryTernary2025,
  title = {Reconfigurable Binary and Ternary Logic Devices Enabling Logic State Modulation},
  author = {Kwon, Yonghyun Albert and Park, Su Bin and Kim, Jaeyeon and Yoo, Youngjae and Lee, Seung Woo and Cho, Jeong Ho},
  date = {2025-07-22},
  journaltitle = {Nature Communications},
  shortjournal = {Nat Commun},
  volume = {16},
  number = {1},
  pages = {6740},
  issn = {2041-1723},
  doi = {10.1038/s41467-025-62116-y},
  url = {https://doi.org/10.1038/s41467-025-62116-y},
  urldate = {2025-10-25},
  abstract = {This paper reports a reconfigurable binary–ternary transistor with a controllable voltage range and current level for the intermediate logic state. The proposed functions were demonstrated using an indium–gallium–zinc-oxide channel with a dual-gate structure incorporating two types of dielectrics (with high and low capacitances). This asymmetric dual-gate structure exhibits two key characteristics. First, the threshold voltage can be adjusted by applying a voltage to the control gate opposing the input. Second, partial depletion occurs when the input gate’s capacitance is insufficient, making the off current dependent on the control gate voltage. Two dual-gated channels were connected in series, with inputs applied to the low-capacitance gate of one channel and the high-capacitance gate of the other and the remaining gates served as control gates. This device configuration outputs three current regions: fully depleted (low), partially depleted (intermediate), and accumulated (high) channel currents, which were utilized as logic states for the ternary device. Moreover, the threshold voltage for each channel and the current from the partially depleted channel could be precisely controlled by biasing each control gate. This enables an adjustable voltage range and current level for the intermediate logic state, as well as reconfigurability between binary and ternary operations.},
  langid = {english},
  file = {C:\Users\simon\Zotero\storage\2MHQGHI7\Kwon et al. - 2025 - Reconfigurable binary and ternary logic devices enabling logic state modulation.pdf}
}
